@misc{mpyt,
	author="Monty Python",
	title="Spam",
	howpublished="http://www.youtube.com/watch?v=anwy2MPT5RE"
}

@manual{crm114,
	title="CRM114",
	howpublished="http://crm114.sourceforge.net/wiki/doku.php"
}

@misc{markov,
	author="Weisstein, Eric W."
	title="Markov Chain",
	editor="MathWorld--A Wolfram Web Resource",
	URL="http://mathworld.wolfram.com/MarkovChain.html"
}

@article{fmarkov:japtest,
	URL="https://media.blackhat.com/bh-us-10/whitepapers/Yerazunis/BlackHat-USA-2010-Yerazunis-Confidential-Mail-Filtering-wp.pdf"
	}
